@Book{soriano,
author = {Soriano, Maricor N.},
title = {Measuring spectral sensitivity of a camera},
year = {2019}
}

@Article{raspi,
author = {Pagnutti, Mary and Ryan, Robert and Cazenavette, George and Gold, Maxwell and Harlan, Ryan and Leggett, Edward and Pagnutti, James},
title = {Laying the foundation to use {R}aspberry {P}i 3 {V}2 camera module imagery for scientific and engineering purposes},
journal = {Journal of Electronic Imaging},
year = {2017},
volume = {26},
number = {1},
pages = {013014}
}
