@Book{soriano,
author = {Soriano, Maricor N.},
title = {Color order system and color matching functions},
year = {2019}
}

@online{cie64,
author = {Public.Resource.Org},
title = {{CIE 15B Tables}},
year = {2004},
url = {https://law.resource.org/pub/cfr/ibr/cie.15.2004.tables.xls}
}
