@Book{soriano,
author = {Soriano, Maricor N.},
title = {Sensors},
year = {2019}
}

@online{naelab,
author = {{Naemura Lab}},
title = {Spectral sensitivity database},
year = {2014},
url = {https://nae-lab.org/~rei/research/cs/zhao/database.html},
organization = {The University of Tokyo}
}
